<record><leader>00000cas a22000007a 4500</leader><controlfield tag="001">21025519</controlfield><controlfield tag="008">900209d19241930aruwr ne      0    0eng d</controlfield><datafield ind1=" " ind2=" " tag="010"><subfield code="a">sn 90050041 </subfield></datafield><datafield ind1=" " ind2=" " tag="040"><subfield code="a">ANU</subfield><subfield code="b">eng</subfield><subfield code="c">ANU</subfield><subfield code="d">OCLCQ</subfield></datafield><datafield ind1=" " ind2=" " tag="042"><subfield code="a">msc</subfield></datafield><datafield ind1="0" ind2=" " tag="130"><subfield code="a">Rural record (Magazine Mountain, Ark.)</subfield></datafield><datafield ind1="1" ind2="4" tag="245"><subfield code="a">The Rural record.</subfield></datafield><datafield ind1=" " ind2=" " tag="260"><subfield code="a">Rebrab, Havana Post Office [i.e. Magazine Mountain], Ark. :</subfield><subfield code="b">Samuel J. Barber</subfield></datafield><datafield ind1=" " ind2=" " tag="300"><subfield code="a">v.</subfield></datafield><datafield ind1=" " ind2=" " tag="310"><subfield code="a">Weekly</subfield></datafield><datafield ind1="1" ind2=" " tag="362"><subfield code="a">Began in 1924.</subfield></datafield><datafield ind1="0" ind2=" " tag="362"><subfield code="a">-7th year, no. 10 (Mar. 27, 1930).</subfield></datafield><datafield ind1=" " ind2=" " tag="500"><subfield code="a">"Published every Thursday in the woods on Magazine Mt."</subfield></datafield><datafield ind1=" " ind2=" " tag="588"><subfield code="a">Description based on: Vol. 2, no. 10 (Apr. 2, 1925).</subfield></datafield><datafield ind1=" " ind2=" " tag="752"><subfield code="a">United States</subfield><subfield code="b">Arkansas</subfield><subfield code="c">Yell</subfield><subfield code="d">Magazine Mountain.</subfield></datafield><datafield ind1="0" ind2="0" tag="785"><subfield code="t">Mt. Magazine rural record</subfield><subfield code="w">(DLC)sn 90050042</subfield></datafield><datafield ind1="1" ind2=" " tag="029"><subfield code="a">AU@</subfield><subfield code="b">000025902124</subfield></datafield></record>